<?xml version="1.0" encoding="UTF-8"?><collection xmlns="http://www.loc.gov/MARC21/slim"><record><leader>00437nam--2200157-i-4500</leader><controlfield tag="001">000017273</controlfield><controlfield tag="002">20161230</controlfield><controlfield tag="005">20161230201032</controlfield><controlfield tag="008">060222s1000------------r-----000-0-eng-d</controlfield><datafield ind1=" " ind2=" " tag="020"><subfield code="a">92-826-1</subfield></datafield><datafield ind1=" " ind2=" " tag="080"><subfield code="a">539.16.07</subfield></datafield><datafield ind1=" " ind2=" " tag="100"><subfield code="a">T.D.Mac Mahon /S.A.</subfield></datafield><datafield ind1=" " ind2=" " tag="245"><subfield code="a">Monitoring gamma radioactivity over large land areas using portable equipment</subfield></datafield><datafield ind1=" " ind2=" " tag="260"><subfield code="a">Luxemburg, 1990. 50 P</subfield></datafield><datafield ind1=" " ind2=" " tag="490"><subfield code="a">Nuclear Science And Technology</subfield></datafield><datafield ind1=" " ind2=" " tag="852"><subfield code="a">80174</subfield></datafield></record></collection>